@book{rashid2015,
    author  = "A. Rashid and W. Y. Chung Wang",
    title   = "{Cloud Technology: Concepts, Methodologies, Tools, and Applications}",
    year    = "2015",
    publisher = "IGI Global",
    address = "Federation University, Australia; Auckland University of Technology, New Zealand",
    pages   = "31"
}

@online{street2014,
    author = {N. Street, T. Ruñan, and Mureú},
    title = {The impact of the Internet on the business environment, Emerging Markets Queries in Finance and Business},
    year = {2014},
    journal = {Procedia Economics and Finance},
    volume = {15},
    pages = {951--958},
    url = {https://core.ac.uk/reader/82790345}
}

@article{beltran2016,
    author  = "N. Beltrán Galvis and C. R. Angarita Sanguino and C. Y. Gómez",
    title   = "Método de pruebas de integración en arquitecturas",
    journal = "Revistas Digitales UFPSO",
    volume  = "12",
    year    = "2016",
    pages   = "9--20",
    pISSN   = "2011-642X",
    eISSN   = "2389-864X"
}

@book{azcue2017,
    author  = "J. Azcue and F. M. Peralta Ascue",
    title   = "{Integración de procesos de negocio aplicando la arquitectura orientada a servicios (SOA)}",
    volume  = "1",
    year    = "2017",
    publisher = "Dialnet",
    address = "Perú",
    pages   = "94--121"
}

@online{bean_sf,
    author = "J. Bean",
    title = "{Design of interface SOA and services web}",
    note = "Obtained from Technological University of Pereira",
    url = {https://www-sciencedirectcom.ezproxy.utp.edu.co/book/9780123748911/soa-and-web-services-interface-design},
    year = {n.d.}
}

@article{sanchez2018,
    author  = "M. Sánchez and J. Águila and E. Exposition",
    title   = "Integración SOA-MAS en Ambientes Inteligentes",
    journal = "DYNA",
    volume  = "85",
    number  = "206",
    year    = "2018",
    pages   = "268--282",
    eISSN   = "2346-2183",
    ISSN    = "0012-7353"
}
